<record><leader>00000cas a2200000 a 4500</leader><controlfield tag="001">44629945</controlfield><controlfield tag="008">000721c19989999maumr n       0    0eng c</controlfield><datafield ind1=" " ind2=" " tag="010"><subfield code="a">   00235612 </subfield></datafield><datafield ind1=" " ind2=" " tag="040"><subfield code="a">HLS</subfield><subfield code="b">eng</subfield><subfield code="c">HLS</subfield><subfield code="d">SYS</subfield><subfield code="d">OCLCQ</subfield><subfield code="d">OCLCF</subfield><subfield code="d">OCLCO</subfield></datafield><datafield ind1="1" ind2=" " tag="029"><subfield code="a">AU@</subfield><subfield code="b">000021676450</subfield></datafield><datafield ind1=" " ind2=" " tag="042"><subfield code="a">pcc</subfield></datafield><datafield ind1=" " ind2=" " tag="043"><subfield code="a">n-us-ma</subfield></datafield><datafield ind1="1" ind2="4" tag="050"><subfield code="a">AP2</subfield><subfield code="b">.M37</subfield></datafield><datafield ind1="0" ind2="4" tag="245"><subfield code="a">The Massachusetts news.</subfield></datafield><datafield ind1="3" ind2=" " tag="246"><subfield code="a">Mass news</subfield></datafield><datafield ind1=" " ind2=" " tag="260"><subfield code="a">Wellesley, Mass. :</subfield><subfield code="b">Massachusetts News,</subfield><subfield code="c">1998-</subfield></datafield><datafield ind1="1" ind2=" " tag="362"><subfield code="a">Began in 1998.</subfield></datafield><datafield ind1=" " ind2=" " tag="588"><subfield code="a">Description based on: Vol. 2, no. 1 (June 2000); title from cover.</subfield></datafield><datafield ind1=" " ind2="0" tag="651"><subfield code="a">Massachusetts</subfield><subfield code="v">Newspapers.</subfield></datafield><datafield ind1=" " ind2="7" tag="655"><subfield code="a">Newspapers.</subfield><subfield code="2">fast</subfield><subfield code="0">(OCoLC)fst01423814</subfield></datafield><datafield ind1=" " ind2="7" tag="651"><subfield code="a">Massachusetts.</subfield><subfield code="2">fast</subfield><subfield code="0">(OCoLC)fst01204307</subfield></datafield><datafield ind1=" " ind2=" " tag="850"><subfield code="a">MH</subfield></datafield><datafield ind1="0" ind2="0" tag="891"><subfield code="9">853</subfield><subfield code="8">1</subfield><subfield code="a">v.</subfield><subfield code="b">no.</subfield><subfield code="i">(year)</subfield><subfield code="j">(month)</subfield></datafield><datafield ind1="4" ind2="1" tag="891"><subfield code="9">863</subfield><subfield code="8">1</subfield><subfield code="a">&lt;2&gt;</subfield><subfield code="b">&lt;1&gt;</subfield><subfield code="i">&lt;2000&gt;</subfield><subfield code="j">&lt;June&gt;</subfield><subfield code="x">provisional</subfield></datafield></record>